@inproceedings{Sen:2004:ASI:988672.988742,
 author = {Sen, Subhabrata and Spatscheck, Oliver and Wang, Dongmei},
 title = {Accurate, scalable in-network identification of p2p traffic using application signatures},
 booktitle = {Proceedings of the 13th international conference on World Wide Web},
 series = {WWW '04},
 year = {2004},
 isbn = {1-58113-844-X},
 location = {New York, NY, USA},
 pages = {512--521},
 numpages = {10},
 url = {http://doi.acm.org/10.1145/988672.988742},
 doi = {10.1145/988672.988742},
 acmid = {988742},
 publisher = {ACM},
 address = {New York, NY, USA},
 keywords = {application-level signatures, online application classification, p2p, traffic analysis},
}
